@book{privault2022introduction,
  title={Introduction to stochastic finance with market examples},
  author={Privault, Nicolas},
  year={2022},
  publisher={Chapman and Hall/CRC}
}

@book{hull2016options,
  title={Options, futures, and other derivatives},
  author={Hull, John C and Basu, Sankarshan},
  year={2016},
  publisher={Pearson Education India}
}

% Here we obtain a stable finite-difference scheme and that O(h^2 + k^2) convergence
@article{Courtadon_1982, 
title={A More Accurate Finite Difference Approximation for the Valuation of Options}, 
volume={17}, 
DOI={10.2307/2330857},
number={5}, 
journal={Journal of Financial and Quantitative Analysis}, 
author={Courtadon, Georges}, 
year={1982}, 
pages={697â€“703}}

# Used for Control Variates in MC for Asian Options
@inproceedings{ndogmo2013some,
  title={Some control variates for exotic options},
  author={Ndogmo, JC},
  booktitle={Journal of Physics: Conference Series},
  volume={410},
  number={1},
  pages={012111},
  year={2013},
  organization={IOP Publishing}
}

% Where the Vecer Transformations came from
@article{vecer2001new,
  title={A new PDE approach for pricing arithmetic average Asian options},
  author={Vecer, Jan},
  journal={Journal of computational finance},
  volume={4},
  number={4},
  pages={105--113},
  year={2001},
  publisher={Citeseer}
}

@article{kemna1990pricing,
  title={A pricing method for options based on average asset values},
  author={Kemna, Angelien Gertruda Zinnia and Vorst, Antonius Cornelis Franciscus},
  journal={Journal of Banking \& Finance},
  volume={14},
  number={1},
  pages={113--129},
  year={1990},
  publisher={Elsevier}
}

# Origin of asian options
@article{falloon1999evolution,
  title={The evolution of a market},
  author={Falloon, William and Turner, David},
  journal={Managing energy price risk},
  year={1999},
  publisher={Risk Books London, UK}
}

@article{black1973pricing,
  title={The pricing of options and corporate liabilities},
  author={Black, Fischer and Scholes, Myron},
  journal={Journal of political economy},
  volume={81},
  number={3},
  pages={637--654},
  year={1973},
  publisher={The University of Chicago Press}
}